2892 4536
703 277 840 390 „581

790 472 935 540 Tritonia
959 478 1053 561 virgo

316 544 487 648 Prosiluit,
512 573 680 638 osteudens
703 575 801 638 rutila
814 597 884 639 cum
903 578 1047 660 Gorgone
1067 588 1193 662 pectus:

315 678 456 757 Aspectu
476 679 628 740 contenta
646 693 703 737 suo
723 680 788 740 non
810 680 912 742 utitur
933 679 1042 743 hasta.

239 776 420 860 Pag.199.
446 777 529 840 Post
549 779 769 841 Mineruam
755 779 911 860 nrrprimis
930 793 1025 860 peter
1038 780 1166 862 Jupiter
1182 779 1293 862 pinge

134 915 136 920 ·
203 911 208 924 ·
238 877 351 942 batur:
373 899 407 940 v.
428 879 598 944 Plutarch.
612 877 755 942 Demetr.
779 900 814 962 p.
831 889 916 959 894.
939 881 982 944 Β.
1016 881 1120 945 8τ1ιοὶ.
1143 879 1292 963 Euripid.

129 988 154 1078 .'
237 963 358 1044 Hecub.
387 980 474 1058 466.
502 961 682 1060 Ἐθος
657 1001 705 1064 ην
738 977 780 1048 ἐν
808 970 1038 1067 Ἀθήναις
1015 975 1195 1097 τιφαίνειν
1222 974 1295 1064 τὰς

140 1173 143 1180 s
237 1072 429 1171 ἀριστείας
453 1074 519 1166 τῆς
542 1073 643 1149 θεοῦ
663 1074 873 1172 πολεμικῆς
899 1071 1014 1165 οὔσης
1042 1080 1113 1152 καὶ
1138 1070 1165 1149 ii
1187 1073 1293 1149 uacci

236 1172 437 1298 I'eyoiyrou
458 1171 729 1273 κατεπράξατο
742 1204 843 1269 μετα
863 1204 935 1251 του
918 1171 1053 1266 Διός.
1102 1183 1181 1246 Et
1168 1195 1218 1247 eta
1231 1183 1293 1246 Ju-

201 1355 205 1362 ,
235 1280 320 1374 piter
336 1283 370 1346 iu
383 1301 530 1366 suprema
545 1282 632 1364 pepli
644 1281 837 1346 Dresrlensis
847 1299 921 1345 area
937 1286 1202 1369 repraesentatur
1201 1301 1294 1346 curru

235 1397 363 1460 umeris.
384 1397 423 1446 ut
441 1384 622 1468 Typhonem
633 1375 776 1478 fulmine
790 1383 982 1466 prosternit,
1008 1385 1142 1448 velutin
1160 1383 1292 1446 Gemma
1421 1405 1422 1408 ¹

236 1506 290 1567 ap
283 1485 452 1548 Gorium
474 1484 566 1550 Mus.
586 1483 725 1550 Florent.
753 1485 790 1549 Τ.
809 1487 841 1551 1.
865 1497 967 1563 t.57
989 1503 1075 1551 uum.
1095 1502 1128 1563 7.
1149 1507 1184 1566 p
1208 1497 1290 1564 108.

236 1585 305 1650 coll.
335 1586 471 1668 Lippert
492 1578 699 1668 Dactylioth.
728 1583 813 1650 ·.Ghil
829 1588 861 1649 Ι.
882 1608 968 1651 num.
995 1601 1051 1663 27.
1074 1607 1149 1648 nam
1169 1586 1293 1669 Typho·
1316 1639 1320 1650 .

51 1680 54 1688 ’
165 1756 168 1761 ,
223 1673 305 1778 mem
334 1683 431 1768 vulgo
444 1697 585 1757 uocant,
616 1701 713 1770 quem
728 1687 883 1767 Jupiter
870 1708 904 1774 en
926 1688 1196 1769 Gigantomachia
1218 1707 1293 1768 pro·

132 1797 136 1803 ’
236 1789 405 1871 straverit:
435 1787 497 1850 etsi
530 1785 741 1868 Apollodorus
777 1789 957 1850 accuratius
989 1789 1170 1871 Typhonem
1196 1789 1290 1851 tertio
1421 1865 1422 1872 ¹

235 1900 312 1970 post
334 1888 494 1970 Gigantas
510 1887 579 1950 loco
598 1908 620 1948 a
646 1887 740 1950 Terra
754 1901 893 1950 creatum
915 1889 1014 1970 dicit,
1038 1889 1165 1988 Jupiter
1185 1902 1290 1950 autem
1421 1935 1422 1966 r

208 2055 210 2060 s
235 1990 481 2072 Porphyriouem
508 2000 713 2072 ceterosque
705 2003 810 2051 ornnes
822 1980 965 2080 fulmine
991 1990 1204 2072 prostrauisse
1218 1979 1291 2080 fer·
1335 2044 1343 2067 „
1421 1967 1422 2026 ἶ

238 2102 310 2170 tur,
350 2109 432 2174 quos
451 2091 590 2170 posthac
613 2087 765 2153 Hercules
794 2087 981 2203 interficeret
999 2091 1132 2171 sagittis
1153 2103 1216 2152 etc.
1240 2119 1293 2139 --
1421 2095 1422 2130 l

236 2191 315 2272 Peg.
343 2201 425 2270 198.
457 2187 553 2286 Quod
581 2203 686 2252 autem
709 2204 817 2253 nostro
841 2191 909 2254 loco
936 2182 997 2268 (in
1020 2177 1174 2272 Euripid.
1197 2189 1291 2270 lone)
1421 2187 1422 2194 '

237 2290 359 2353 Bacchi
380 2289 499 2378 injecta
522 2292 644 2352 meutio‘
657 2304 725 2362 est,
758 2291 862 2372 magis
880 2292 976 2352 etiam
997 2289 1150 2371 placebit.
1181 2288 1269 2353 ubi
1257 2311 1292 2352 m
1333 2347 1336 2352 .

238 2393 378 2456 animum
393 2390 569 2473 induereris,
590 2411 619 2452 er
612 2391 832 2472 tragoediam
847 2404 1067 2454 consecratam
1082 2383 1197 2482 fuisse.
1248 2393 1291 2454 In
1421 2399 1422 2418 ¹

237 2492 330 2575 peplo
353 2505 460 2554 tamen
489 2491 664 2554 Dresdensi
683 2491 849 2554 Bacchum
869 2513 943 2554 non.
957 2511 1113 2573 agnosco.
1134 2492 1292 2582 ‚secl-ejus

239 2594 307 2658 loco
329 2593 363 2654 in
390 2587 529 2655 secundo
561 2613 636 2654 area
666 2591 789 2668 Silenus
818 2591 1003 2674 iesignctm
1030 2605 1097 2674 cst,
1129 2593 1292 2676 prodenti·
1375 2599 1384 2604 “

239 2693 378 2758 luseum
391 2690 536 2763 auribus.
560 2687 725 2776 dequibus
737 2714 771 2766 v.
791 2693 973 2757 Creuzerum
994 2706 1137 2768 nostrum
1155 2696 1188 2756 ia
1202 2715 1292 2776 prae·

219 2795 415 2874 ¹clarissima
436 2789 570 2855 diatrihe
595 2793 780 2856 Studiorum
806 2794 841 2856 Τ.
856 2795 910 2859 ΙΙ.
934 2817 969 2876 p.
988 2809 1072 2870 310.
1124 2793 1223 2890 Quem
1244 2795 1292 2855 Si·

240 2896 344 2957 lenum
370 2904 481 2955 notum
508 2900 564 2956 ‘est
596 2893 689 2955 asina
715 2893 901 2957 insidentem
929 2896 1051 2956 venisse
1079 2893 1125 2954 acl
1150 2913 1292 2975 pugnam

241 3015 309 3058 una
330 3014 401 3056 eum
419 2993 571 3064 Baccho.
593 2994 721 3076 Satyris
740 3016 780 3056 ac
799 2995 832 3060 V
833 2995 965 3070 ulcapoc
995 3014 1126 3078 quorum
1149 2993 1293 3082 deinceps

243 3096 328 3158 asini
354 3095 387 3156 iu
416 3093 501 3156 eoelo
523 3094 623 3174 positi
653 3085 740 3160 sunt.
790 3096 960 3178 Eratosth.
989 3095 1210 3159 Gatasterism.
1238 3118 1292 3159 11.

243 3195 464 3278 Hyginypoet.
485 3207 657 3259 astronom.
680 3186 733 3266 11⁴,
753 3209 810 3276 28.
850 3197 935 3260 Eum
957 3208 1064 3258 autem
1087 3189 1213 3287 artifex
1232 3187 1295 3287 fa·

189 3355 197 3371 ‚
245 3309 310 3356 cete
315 3293 421 3387 fiuxit
442 3307 606 3378 tanquam
613 3316 711 3379 prope
729 3297 849 3372 victum
869 3309 902 3358 et
921 3296 1080 3368 demissis,
1106 3307 1144 3358 ut
1166 3297 1293 3369 dicitur,
1377 3283 1383 3294 ⁸
1421 3353 1422 3382 y

246 3394 414 3473 auriculis,
435 3415 534 3478 quum
560 3395 669 3478 Satyri
686 3394 811 3476 superbi
828 3396 952 3480 quidem
978 3409 1010 3458 et
1029 3397 1161 3480 gloriosi
1180 3397 1295 3460 milites
1318 3472 1321 3479 Ι
1421 3427 1422 3484 j

246 3495 347 3558 eelim
371 3495 488 3566 videri,
527 3516 635 3558 revera
660 3510 767 3562 autern
795 3498 863 3558 siut
889 3498 1004 3560 inertes
1025 3510 1129 3581 'atque
1149 3495 1298 3570 imbelles,

246 3597 333 3681 quael
355 3608 427 3658 tota
444 3595 613 3677 Euripidis
636 3595 773 3679 Cyclops
787 3595 932 3660 ostendit
953 3611 1018 3662 etc.
1065 3595 1145 3681 Peg.
1161 3615 1231 3662 ooo
1244 3613 1296 3682 ι4.

247 3698 291 3761 Iu
307 3699 403 3758 tertia
416 3717 491 3759 area
504 3695 682 3760 Dreselensi
701 3698 787 3780 pepli
801 3695 1042 3769 Venenum
1057 3711 1151 3760 sexta
1163 3690 1297 3790 formae

248 3799 412 3878 gravitate
431 3817 471 3858 ac
483 3787 587 3888 fastu
607 3799 694 3862 Iuno
717 3799 849 3879 agnosci
868 3798 1013 3861 uideturs
1042 3799 1075 3860 iu
1095 3812 1233 3872 octaua,
1263 3807 1336 3861 οῖ’·

242 3888 369 3990 fallor,
398 3895 507 3960 Venus
527 3909 593 3973 est,
618 3899 737 3990 quippe
760 3883 978 3982 Olympiorum
999 3885 1129 3961 dearum
1152 3919 1236 3961 uua:
1264 3899 1298 3961 iu
1421 3905 1422 3918 ¹

248 3995 372 4062 decime
399 3996 546 4080 agilitate
571 4017 632 4064 sua
652 3979 829 4089 furoreque
856 3999 1065 4120 agnoscitur
1067 3998 1196 4066 Diana.
1255 3999 1299 4063 Iu
1421 4087 1422 4110 ¹
