2892 4536
254 470 304 524 est
319 450 409 522 enim
430 453 589 520 Solonem
604 441 642 516 in
656 441 917 570 Mimnermum,
941 450 1058 519 aetatis
1074 471 1204 531 annum
1216 467 1311 517 ‘saxa-
1343 435 1349 446 ⁸

72 621 77 632 ,
160 559 161 564 ’
252 557 417 646 gesimam
439 551 504 620 sibi
526 566 767 691 exoptantem,
776 550 970 641 scripsisse
961 559 1081 648 elegos
1097 557 1216 620 hosce:

241 707 245 714 ·
300 667 392 749 Ἀλλ’
411 670 455 746 ei'
468 696 542 794 μοι
563 664 644 792 uico
659 670 732 744 ’νῦν
745 663 805 744 ε’τι
820 667 980 760 πείσεαι,
1005 667 1110 758 ἐξελε
1125 671 1259 751 τοῦτο·

351 767 461 897 μηδὲ
469 767 638 870 μέγαιρ’,
664 765 730 846 ότι
751 791 819 862 σιν
800 766 988 848 λώϊον
967 769 1210 895 eupatorium,

303 875 375 958 καὶ
395 861 655 967 μεἰαιιοίηοον
677 864 820 968 ια’γνρι
835 866 938 961 τόδι,
963 861 1089 948 ’ὦδιδ
1108 869 1280 946 ἄειδε

253 1056 258 1064 ,
357 975 615 1052 ΟΓΔΩΚΟΝ
618 975 800 1048 ΤΑΕΤΗ
805 1085 808 1102 ,
825 975 1015 1152 1110111)ῐῖιὲἶ
1021 976 1187 1165 &gil
1219 975 1310 1050 ΘΑ·

266 1167 270 1178 ’
337 1181 414 1246 Hoc
429 1119 566 1267 quidem
582 1172 812 1266 testimonium
829 1171 883 1268 (ut
897 1179 1170 1246 schoenemannn
1184 1175 1311 1279 aliquid

194 1325 200 1338 ι
251 1275 494 1374 concedamus)
526 1277 710 1346 certissime
732 1301 802 1344 non
827 1283 948 1374 probat
968 1279 1207 1346 Mimnermum
1230 1298 1312 1370 tunc

250 1384 411 1472 temporis
428 1377 529 1447 etiam
548 1378 652 1448 fuisse
670 1374 907 1498 superstitem,
923 1383 1003 1449 licet
1024 1379 1134 1448 omnis
1154 1382 1311 1449 versicu-

206 1569 210 1572 ,
250 1491 361 1552 lorum
380 1487 473 1550 color
495 1480 542 1561 ita
563 1480 770 1570 comparatus
786 1480 850 1560 sit,
883 1497 922 1548 ut
944 1485 987 1549 ad
1005 1481 1177 1554 viventem
1198 1487 1311 1573 potius

251 1581 352 1676 quam
382 1581 424 1648 ad
444 1591 623 1649 mortuum
652 1597 803 1669 spectare
826 1579 1001 1660 ιιίιιιιιιιιι
1042 1585 1101 1650 sed
1131 1587 1311 1673 respondet

238 1707 389 1754 'omnmo
397 1685 519 1753 Surdae
533 1682 703 1750 relationi:
728 1677 871 1777 Γέγονε
887 1677 930 1756 δὲ
944 1683 1063 1757 ἐπὶ
1019 1711 1084 1772 της
1098 1679 1162 1774 λζ’
1171 1682 1309 1778 Ὀλυμ-

250 1777 470 1911 ιιιιιὶδος,“
442 1811 491 1872 ως
515 1778 758 1906 προτιρεύειν
787 1774 928 1874 aaa?
957 1785 1107 1883 σοφῶν
1142 1813 1243 1873 τινες
1267 1781 1310 1858 δὲ

249 1884 392 1978 αὐτοῖς
405 1889 628 1980 συγχρονεῖν
650 1879 837 1993 λέγουσιν.
903 1891 988 1954 Nam
1010 1891 1116 1954 verbo
1135 1883 1266 1980 γέγονε
1289 1912 1309 1955 a

223 1993 233 1998 ”
250 1990 355 2059 Surda
378 1988 557 2076 significari
567 1985 738 2079 flomisse,
763 2010 834 2054 non
853 2004 968 2057 natum
986 2014 1053 2056 esse
1069 1993 1308 2056 Mimnermum

245 2093 310 2158 illo
339 2108 510 2178 tempore,
544 2105 680 2176 apparet
708 2088 837 2156 collatis
864 2089 937 2155 aliis
964 2091 1048 2158 locis
1064 2090 1116 2182 4.)
1186 2095 1308 2158 Verum

251 2192 423 2261 enimvero
457 2187 486 2256 si
516 2206 703 2284 utramque
716 2188 839 2272 Suidae
859 2189 1014 2257 notitiam
1038 2191 1307 2284 compensamus,

248 2294 469 2361 Mimnermus
493 2287 594 2356 etiam
623 2293 759 2379 propius
780 2294 914 2360 accedet
934 2294 977 2358 ad
1001 2291 1308 2370 aet'atemSolonia,

145 2409 146 2414 ’
186 2461 199 2478 „
249 2403 295 2463 ita
313 2409 354 2458 ut
377 2389 505 2480 optimo
530 2397 602 2474 jure
626 2409 753 2480 septem
776 2389 978 2480 sapientium
997 2393 1143 2486 aequalis
1160 2393 1227 2464 dici
1250 2417 1308 2483 po-

179 2538 185 2565 ι
249 2495 362 2564 tuerit.
397 2491 697 2574 Grammaticorum
721 2492 878 2571 dissidia,
902 2496 990 2562 haud
1004 2518 1078 2563 raro
1094 2495 1217 2571 inania,
1243 2500 1308 2564 hoc

241 2619 386 2689 'quoque
412 2596 488 2661 loco
518 2595 560 2659 ad
587 2591 675 2659 nihil
706 2593 818 2662 reduci
846 2598 1012 2668 videntur.
1088 2601 1222 2666 Etenim
1245 2587 1327 2663 flos'

177 2719 183 2730 ·
249 2714 368 2788 poetae
391 2695 507 2762 erotict
524 2699 561 2760 in
582 2694 679 2760 aliam
699 2712 841 2764 aetatem
862 2699 978 2765 cadere
997 2721 1065 2765 non
1088 2699 1217 2787 potuit,
1234 2698 1306 2789 uisi
1348 2707 1353 2716 ’

195 2865 198 2872 ⁴
251 2803 289 2865 in
312 2819 406 2871 eam,
439 2799 500 2861 ubi
520 2800 662 2884 pectoris
690 2797 892 2864 tentavit‘in
917 2802 1007 2864 dulci
1035 2805 1169 2878 iuventa
1197 2804 1307 2866 fervor

182 2975 196 2986 ,
249 2903 501 2966 Mimnermum.
568 2896 604 2962 si
625 2894 727 2982 igitur
749 2896 785 2962 in
810 2898 1007 2985 Olympiade
1020 2903 1182 2968 XXXVII.
1202 2923 1307 2990 pona·
1358 2891 1361 2900 ’

120 2991 128 3004 ”
221 3080 223 3084 .
250 3023 328 3068 mus
356 3018 481 3062 annum
504 2999 616 3066 aetatis
640 2996 772 3064 circiter
803 2999 1139 3087 undevigesimum,
1145 3003 1272 3068 haud
1262 3001 1306 3067 ιιι

250 3109 351 3187 longo
367 3097 540 3164 intervallo
557 3099 738 3179 disjunctus
759 3097 805 3164 sit
825 3099 1045 3206 Mimnermus
1067 3125 1085 3168 a
1106 3121 1243 3191 septem
1254 3125 1304 3169 sa·

250 3200 450 3291 pientibus
439 3219 580 3288 ipsoque
604 3201 736 3266 Solone.
794 3203 916 3290 Verum
935 3183 996 3269 hac
1016 3191 1145 3271 ratione
1164 3203 1305 3273 minime

250 3319 426 3371 contentus
450 3302 740 3366 schoenemannus
766 3281 964 3370 Mimnermi
989 3303 1106 3372 florem
1128 3308 1180 3372 ati
1177 3309 1304 3390 Olym·

250 3403 385 3491 piadem
398 3405 467 3466 XX.
489 3402 612 3466 referre
632 3417 770 3468 conatur
791 3397 848 3491 (p.
863 3419 886 3484 5
903 3411 968 3494 sq.)
993 3398 1174 3472 hancce
1139 3430 1231 3472 marn
1254 3405 1303 3473 in·
1323 3407 1329 3426 '

251 3525 395 3590 gressus:
433 3501 562 3566 Narrat
574 3501 769 3590 :Pausanias
791 3506 866 3587 (tv.
888 3529 921 3592 p.
937 3505 1038 3595 331.)
1062 3529 1135 3572 arce
1151 3511 1224 3573 Era
1246 3532 1303 3572 un·

251 3607 372 3668 decimo
404 3603 657 3689 oppugnationis
686 3623 772 3668 anno
800 3605 930 3676 tandem
969 3607 1045 3673 doio
1075 3631 1098 3672 ιι
1129 3611 1303 3694 Spartanis

249 3767 459 3796 m

261 3859 316 3934 ·3)’
327 3863 409 3928 vids,
425 3878 499 3934 quas
513 3881 531 3919 a
547 3865 628 3924 nobis
642 3866 781 3938 disputata
803 3877 870 3923 tunt
885 3871 916 3922 in
932 3869 1038 3926 comm.
1054 3821 1095 3922 del
1104 3867 1204 3942 Solone
1217 3877 1302 3942 poeta

234 3991 244 4018 ’
284 3949 532 4104 nvinmsiqsoiin.
548 4053 576 4107 p.
589 4041 616 4097 ι.
992 3992 995 3996 4
