<?xml version="1.0" encoding="UTF-8"?>
<!DOCTYPE html PUBLIC "-//W3C//DTD XHTML 1.0 Transitional//EN"
    "http://www.w3.org/TR/xhtml1/DTD/xhtml1-transitional.dtd">
<html xmlns="http://www.w3.org/1999/xhtml" xml:lang="en" lang="en">
 <head>
  <title>
</title>
<meta http-equiv="Content-Type" content="text/html;charset=utf-8" />
  <meta name='ocr-system' content='tesseract 3.04.00' />
  <meta name='ocr-capabilities' content='ocr_page ocr_carea ocr_par ocr_line ocrx_word'/>
</head>
<body>
  <div class='ocr_page' id='page_1' title='image "./carminumquaesup00mimngoog_0036.png"; bbox 0 0 2892 4536; ppageno 0'>
   <div class='ocr_carea' id='block_1_1' title="bbox 643 282 730 378">
    <p class='ocr_par' dir='ltr' id='par_1_1' title="bbox 643 282 730 378">
     <span class='ocr_line' id='line_1_1' title="bbox 643 282 730 378; baseline 0 -24"><span class='ocrx_word' id='word_1_1' title='bbox 643 282 730 378; x_wconf 41' lang='lat'>21,</span> 
     </span>
    </p>
   </div>
   <div class='ocr_carea' id='block_1_2' title="bbox 85 464 1250 1172">
    <p class='ocr_par' dir='ltr' id='par_1_2' title="bbox 85 464 1250 1074">
     <span class='ocr_line' id='line_1_2' title="bbox 138 464 1196 557; baseline 0.003 -25"><span class='ocrx_word' id='word_1_2' title='bbox 138 464 258 533; x_wconf 80' lang='lat' dir='ltr'>amoris</span> <span class='ocrx_word' id='word_1_3' title='bbox 285 471 534 556; x_wconf 85' lang='lat' dir='ltr'>plenissimum,</span> <span class='ocrx_word' id='word_1_4' title='bbox 568 487 626 536; x_wconf 85' lang='lat' dir='ltr'>aut</span> <span class='ocrx_word' id='word_1_5' title='bbox 650 487 841 557; x_wconf 85' lang='lat' dir='ltr'>argumenta</span> <span class='ocrx_word' id='word_1_6' title='bbox 866 467 999 556; x_wconf 83' lang='lat' dir='ltr'>attingit</span> <span class='ocrx_word' id='word_1_7' title='bbox 1022 472 1061 534; x_wconf 88' lang='lat' dir='ltr'>ab</span> <span class='ocrx_word' id='word_1_8' title='bbox 1083 491 1196 535; x_wconf 87' lang='lat' dir='ltr'>amore</span> 
     </span>
     <span class='ocr_line' id='line_1_3' title="bbox 85 556 1250 661; baseline 0.003 -29"><span class='ocrx_word' id='word_1_9' title='bbox 85 561 88 566; x_wconf 39' lang='lat'>⁵</span> <span class='ocrx_word' id='word_1_10' title='bbox 137 572 253 632; x_wconf 88' lang='lat' dir='ltr'>saltem</span> <span class='ocrx_word' id='word_1_11' title='bbox 284 573 374 636; x_wconf 89' lang='lat' dir='ltr'>haud</span> <span class='ocrx_word' id='word_1_12' title='bbox 399 573 506 637; x_wconf 86' lang='lat' dir='ltr'>aliena</span> <span class='ocrx_word' id='word_1_13' title='bbox 537 579 570 638; x_wconf 89' lang='lat' dir='ltr'>e&#39;t</span> <span class='ocrx_word' id='word_1_14' title='bbox 592 573 684 661; x_wconf 88' lang='lat' dir='ltr'>quasi</span> <span class='ocrx_word' id='word_1_15' title='bbox 709 571 924 658; x_wconf 86' lang='lat' dir='ltr'>degrediendi</span> <span class='ocrx_word' id='word_1_16' title='bbox 945 556 1196 658; x_wconf 78' lang='lat' dir='ltr'>respirandique</span> <span class='ocrx_word' id='word_1_17' title='bbox 1246 584 1250 593; x_wconf 90' lang='lat'><em>&#39;</em></span> 
     </span>
     <span class='ocr_line' id='line_1_4' title="bbox 136 668 1193 761; baseline 0.005 -29"><span class='ocrx_word' id='word_1_18' title='bbox 136 668 239 754; x_wconf 84' lang='lat' dir='ltr'>gratia</span> <span class='ocrx_word' id='word_1_19' title='bbox 261 669 396 740; x_wconf 84' lang='lat' dir='ltr'>intexta.</span> <span class='ocrx_word' id='word_1_20' title='bbox 448 680 555 761; x_wconf 80' lang='lat' dir='ltr'><strong>Atque</strong></span> <span class='ocrx_word' id='word_1_21' title='bbox 573 673 682 738; x_wconf 89' lang='lat' dir='ltr'>omnis</span> <span class='ocrx_word' id='word_1_22' title='bbox 705 672 869 738; x_wconf 83' lang='lat' dir='ltr'>dubitatio</span> <span class='ocrx_word' id='word_1_23' title='bbox 892 676 1044 758; x_wconf 87' lang='lat' dir='ltr'>tolletur,</span> <span class='ocrx_word' id='word_1_24' title='bbox 1069 671 1193 760; x_wconf 88' lang='lat' dir='ltr'>siquis</span> 
     </span>
     <span class='ocr_line' id='line_1_5' title="bbox 136 771 1193 863; baseline 0 -27"><span class='ocrx_word' id='word_1_25' title='bbox 136 773 374 857; x_wconf 83' lang='lat' dir='ltr'><strong>comparaverit</strong></span> <span class='ocrx_word' id='word_1_26' title='bbox 403 775 576 863; x_wconf 89' lang='lat' dir='ltr'>Posidippi</span> <span class='ocrx_word' id='word_1_27' title='bbox 606 774 803 849; x_wconf 82' lang='lat' dir='ltr'><strong>distichum,</strong></span> <span class='ocrx_word' id='word_1_28' title='bbox 836 773 872 837; x_wconf 93' lang='lat' dir='ltr'>in</span> <span class='ocrx_word' id='word_1_29' title='bbox 901 795 968 860; x_wconf 82' lang='lat' dir='ltr'>quo</span> <span class='ocrx_word' id='word_1_30' title='bbox 999 771 1193 842; x_wconf 87' lang='lat' dir='ltr'><strong>Mimnermi</strong></span> 
     </span>
     <span class='ocr_line' id='line_1_6' title="bbox 134 873 1174 962; baseline 0.006 -28"><span class='ocrx_word' id='word_1_31' title='bbox 134 873 258 936; x_wconf 86' lang='lat' dir='ltr'>Nonno</span> <span class='ocrx_word' id='word_1_32' title='bbox 274 889 372 961; x_wconf 86' lang='lat' dir='ltr'>atque</span> <span class='ocrx_word' id='word_1_33' title='bbox 385 875 572 941; x_wconf 84' lang='lat' dir='ltr'>Antimaehi</span> <span class='ocrx_word' id='word_1_34' title='bbox 587 879 683 962; x_wconf 77' lang='lat' dir='ltr'>Lydo</span> <span class='ocrx_word' id='word_1_35' title='bbox 703 873 908 955; x_wconf 90' lang='lat' dir='ltr'>conjunctim</span> <span class='ocrx_word' id='word_1_36' title='bbox 923 892 1174 960; x_wconf 74' lang='lat' dir='ltr'>proponuntur:</span> 
     </span>
     <span class='ocr_line' id='line_1_7' title="bbox 121 968 1170 1074; baseline 0.004 -32"><span class='ocrx_word' id='word_1_37' title='bbox 121 1029 128 1042; x_wconf 78' lang='grc'><strong><em>,</em></strong></span> <span class='ocrx_word' id='word_1_38' title='bbox 184 973 363 1059; x_wconf 75' lang='grc' dir='ltr'><strong><em>Ναννοῦς</em></strong></span> <span class='ocrx_word' id='word_1_39' title='bbox 378 977 448 1050; x_wconf 80' lang='grc' dir='ltr'>καὶ</span> <span class='ocrx_word' id='word_1_40' title='bbox 463 971 596 1064; x_wconf 75' lang='grc' dir='ltr'><em>Λύδης</em></span> <span class='ocrx_word' id='word_1_41' title='bbox 618 973 736 1070; x_wconf 68' lang='grc' dir='ltr'>’ἐπίχει</span> <span class='ocrx_word' id='word_1_42' title='bbox 760 968 829 1046; x_wconf 81' lang='grc' dir='ltr'>δύο</span> <span class='ocrx_word' id='word_1_43' title='bbox 848 975 918 1046; x_wconf 80' lang='grc' dir='ltr'>καὶ</span> <span class='ocrx_word' id='word_1_44' title='bbox 935 969 1170 1074; x_wconf 76' lang='grc' dir='ltr'><strong><em>φιλεροέστου</em></strong></span> 
     </span>
    </p>

    <p class='ocr_par' dir='ltr' id='par_1_3' title="bbox 234 1070 1190 1172">
     <span class='ocr_line' id='line_1_8' title="bbox 234 1070 1190 1172; baseline 0.001 -27"><span class='ocrx_word' id='word_1_45' title='bbox 234 1071 472 1169; x_wconf 72' lang='grc' dir='ltr'><em>Μιμνέρμου</em></span> <span class='ocrx_word' id='word_1_46' title='bbox 492 1080 562 1149; x_wconf 83' lang='grc' dir='ltr'>καὶ</span> <span class='ocrx_word' id='word_1_47' title='bbox 585 1075 657 1154; x_wconf 81' lang='grc' dir='ltr'>τοῦ</span> <span class='ocrx_word' id='word_1_48' title='bbox 677 1070 871 1172; x_wconf 74' lang='grc' dir='ltr'><strong><em>σώφρονος</em></strong></span> <span class='ocrx_word' id='word_1_49' title='bbox 882 1070 1115 1170; x_wconf 73' lang='grc' dir='ltr'><strong><em>Ἀντιμάχου</em></strong></span> <span class='ocrx_word' id='word_1_50' title='bbox 1133 1074 1190 1164; x_wconf 88' lang='lat'><strong>²⁷).</strong></span> 
     </span>
    </p>
   </div>
   <div class='ocr_carea' id='block_1_3' title="bbox 27 1177 1309 1365">
    <p class='ocr_par' dir='ltr' id='par_1_4' title="bbox 27 1177 1309 1365">
     <span class='ocr_line' id='line_1_9' title="bbox 27 1177 1251 1266; baseline 0.002 -29"><span class='ocrx_word' id='word_1_51' title='bbox 27 1205 30 1216; x_wconf 79' lang='lat'><em>=</em></span> <span class='ocrx_word' id='word_1_52' title='bbox 133 1177 327 1261; x_wconf 80' lang='lat' dir='ltr'>Fragmenta</span> <span class='ocrx_word' id='word_1_53' title='bbox 346 1177 458 1265; x_wconf 84' lang='lat' dir='ltr'>igitur,</span> <span class='ocrx_word' id='word_1_54' title='bbox 485 1179 638 1266; x_wconf 80' lang='lat' dir='ltr'>aquibus</span> <span class='ocrx_word' id='word_1_55' title='bbox 658 1178 736 1243; x_wconf 94' lang='lat' dir='ltr'>solis</span> <span class='ocrx_word' id='word_1_56' title='bbox 760 1184 800 1242; x_wconf 88' lang='lat' dir='ltr'>de</span> <span class='ocrx_word' id='word_1_57' title='bbox 824 1179 1017 1241; x_wconf 82' lang='lat' dir='ltr'>Mimnermi</span> <span class='ocrx_word' id='word_1_58' title='bbox 1038 1177 1190 1243; x_wconf 88' lang='lat' dir='ltr'>carmini·</span> <span class='ocrx_word' id='word_1_59' title='bbox 1249 1187 1251 1192; x_wconf 83' lang='grc'>’</span> 
     </span>
     <span class='ocr_line' id='line_1_10' title="bbox 134 1275 1309 1365; baseline 0.002 -26"><span class='ocrx_word' id='word_1_60' title='bbox 134 1278 196 1339; x_wconf 89' lang='lat' dir='ltr'>bus</span> <span class='ocrx_word' id='word_1_61' title='bbox 222 1276 382 1343; x_wconf 89' lang='lat' dir='ltr'>iudicium</span> <span class='ocrx_word' id='word_1_62' title='bbox 405 1279 510 1365; x_wconf 85' lang='lat' dir='ltr'>repeti</span> <span class='ocrx_word' id='word_1_63' title='bbox 534 1281 630 1362; x_wconf 86' lang='lat' dir='ltr'>licet,</span> <span class='ocrx_word' id='word_1_64' title='bbox 657 1285 783 1354; x_wconf 87' lang='lat' dir='ltr'>omnia,</span> <span class='ocrx_word' id='word_1_65' title='bbox 808 1276 960 1346; x_wconf 79' lang='lat' dir='ltr'>iambicis</span> <span class='ocrx_word' id='word_1_66' title='bbox 983 1275 1112 1343; x_wconf 84' lang='lat' dir='ltr'>tantum</span> <span class='ocrx_word' id='word_1_67' title='bbox 1136 1301 1188 1341; x_wconf 88' lang='lat' dir='ltr'>ex·</span> <span class='ocrx_word' id='word_1_68' title='bbox 1234 1295 1239 1302; x_wconf 80' lang='grc'><em>“</em></span> <span class='ocrx_word' id='word_1_69' title='bbox 1275 1295 1279 1304; x_wconf 91' lang='grc'><strong>’</strong></span> <span class='ocrx_word' id='word_1_70' title='bbox 1304 1305 1309 1312; x_wconf 92' lang='grc'><em>·</em></span> 
     </span>
    </p>
   </div>
   <div class='ocr_carea' id='block_1_4' title="bbox 132 1377 1290 1670">
    <p class='ocr_par' dir='ltr' id='par_1_5' title="bbox 132 1377 1290 1670">
     <span class='ocr_line' id='line_1_11' title="bbox 133 1377 1188 1467; baseline 0.002 -27"><span class='ocrx_word' id='word_1_71' title='bbox 133 1377 255 1463; x_wconf 81' lang='lat' dir='ltr'>ceptis,</span> <span class='ocrx_word' id='word_1_72' title='bbox 291 1383 332 1444; x_wconf 84' lang='lat' dir='ltr'>ad</span> <span class='ocrx_word' id='word_1_73' title='bbox 355 1385 550 1446; x_wconf 87' lang='lat' dir='ltr'>Nannonem</span> <span class='ocrx_word' id='word_1_74' title='bbox 574 1379 772 1467; x_wconf 80' lang='lat' dir='ltr'>pertinuisse</span> <span class='ocrx_word' id='word_1_75' title='bbox 798 1379 1077 1447; x_wconf 87' lang='lat' dir='ltr'>verisimillimum</span> <span class='ocrx_word' id='word_1_76' title='bbox 1097 1379 1188 1442; x_wconf 86' lang='lat' dir='ltr'>vide-</span> 
     </span>
     <span class='ocr_line' id='line_1_12' title="bbox 132 1469 1290 1570; baseline 0.003 -30"><span class='ocrx_word' id='word_1_77' title='bbox 132 1493 195 1546; x_wconf 88' lang='lat' dir='ltr'>tur.</span> <span class='ocrx_word' id='word_1_78' title='bbox 247 1483 312 1544; x_wconf 89' lang='lat' dir='ltr'>Sed</span> <span class='ocrx_word' id='word_1_79' title='bbox 332 1481 441 1565; x_wconf 92' lang='lat' dir='ltr'>primo</span> <span class='ocrx_word' id='word_1_80' title='bbox 467 1499 600 1567; x_wconf 88' lang='lat' dir='ltr'>aspectu</span> <span class='ocrx_word' id='word_1_81' title='bbox 624 1481 721 1545; x_wconf 81' lang='lat' dir='ltr'>facile</span> <span class='ocrx_word' id='word_1_82' title='bbox 743 1469 923 1570; x_wconf 66' lang='lat' dir='ltr'>quisquam=</span> <span class='ocrx_word' id='word_1_83' title='bbox 943 1480 1057 1545; x_wconf 87' lang='lat' dir='ltr'>induci</span> <span class='ocrx_word' id='word_1_84' title='bbox 1083 1480 1187 1567; x_wconf 84' lang='lat' dir='ltr'>possit</span> <span class='ocrx_word' id='word_1_85' title='bbox 1288 1477 1290 1490; x_wconf 86' lang='lat'>&#39;</span> 
     </span>
     <span class='ocr_line' id='line_1_13' title="bbox 132 1572 1186 1670; baseline 0.002 -28"><span class='ocrx_word' id='word_1_86' title='bbox 132 1572 175 1643; x_wconf 73' lang='lat' dir='ltr'>a&#39;d</span> <span class='ocrx_word' id='word_1_87' title='bbox 199 1583 417 1658; x_wconf 87' lang='lat' dir='ltr'>credendum,</span> <span class='ocrx_word' id='word_1_88' title='bbox 442 1575 568 1669; x_wconf 80' lang='lat' dir='ltr'>praeter</span> <span class='ocrx_word' id='word_1_89' title='bbox 589 1587 653 1654; x_wconf 90' lang='lat' dir='ltr'>hoc</span> <span class='ocrx_word' id='word_1_90' title='bbox 671 1606 788 1670; x_wconf 83' lang='lat' dir='ltr'>corpus</span> <span class='ocrx_word' id='word_1_91' title='bbox 812 1582 972 1648; x_wconf 86' lang='lat' dir='ltr'>eroticum</span> <span class='ocrx_word' id='word_1_92' title='bbox 995 1586 1083 1669; x_wconf 89' lang='lat' dir='ltr'>apud</span> <span class='ocrx_word' id='word_1_93' title='bbox 1107 1585 1186 1650; x_wconf 88' lang='lat' dir='ltr'>Pau-</span> 
     </span>
    </p>
   </div>
   <div class='ocr_carea' id='block_1_5' title="bbox 47 1730 334 1754">
    <p class='ocr_par' dir='ltr' id='par_1_6' title="bbox 47 1730 334 1754">
     <span class='ocr_line' id='line_1_14' title="bbox 47 1730 334 1754; baseline -0.007 -2"><span class='ocrx_word' id='word_1_94' title='bbox 47 1739 50 1752; x_wconf 67' lang='grc' dir='ltr'><strong><em>ν</em></strong></span> <span class='ocrx_word' id='word_1_95' title='bbox 131 1730 334 1754; x_wconf 53' lang='grc' dir='ltr'><strong><em>Μ</em></strong></span> 
     </span>
    </p>
   </div>
   <div class='ocr_carea' id='block_1_6' title="bbox 63 1823 1206 3217">
    <p class='ocr_par' dir='ltr' id='par_1_7' title="bbox 63 1823 1206 2865">
     <span class='ocr_line' id='line_1_15' title="bbox 63 1823 1187 1900; baseline 0.002 -20"><span class='ocrx_word' id='word_1_96' title='bbox 63 1833 66 1839; x_wconf 86' lang='grc'><em>“</em></span> <span class='ocrx_word' id='word_1_97' title='bbox 162 1823 207 1894; x_wconf 80' lang='lat'>27)</span> <span class='ocrx_word' id='word_1_98' title='bbox 224 1827 346 1882; x_wconf 83' lang='lat' dir='ltr'>Bruuolt.</span> <span class='ocrx_word' id='word_1_99' title='bbox 370 1829 495 1886; x_wconf 85' lang='lat' dir='ltr'>Analect.</span> <span class='ocrx_word' id='word_1_100' title='bbox 518 1834 606 1887; x_wconf 83' lang='lat' dir='ltr'>T.11.</span> <span class='ocrx_word' id='word_1_101' title='bbox 630 1847 659 1900; x_wconf 90' lang='lat' dir='ltr'>p.</span> <span class='ocrx_word' id='word_1_102' title='bbox 675 1828 719 1885; x_wconf 83' lang='grc'>48.</span> <span class='ocrx_word' id='word_1_103' title='bbox 754 1829 899 1886; x_wconf 82' lang='lat' dir='ltr'>Jacobsius</span> <span class='ocrx_word' id='word_1_104' title='bbox 921 1833 954 1883; x_wconf 88' lang='lat' dir='ltr'>in</span> <span class='ocrx_word' id='word_1_105' title='bbox 975 1829 1129 1886; x_wconf 77' lang='lat' dir='ltr'>animadvv.</span> <span class='ocrx_word' id='word_1_106' title='bbox 1152 1829 1187 1882; x_wconf 83' lang='lat' dir='ltr'>ad</span> 
     </span>
     <span class='ocr_line' id='line_1_16' title="bbox 195 1915 1187 1995; baseline -0.006 -21"><span class='ocrx_word' id='word_1_107' title='bbox 195 1915 286 1974; x_wconf 71' lang='lat' dir='ltr'>Antis.</span> <span class='ocrx_word' id='word_1_108' title='bbox 310 1917 356 1972; x_wconf 85' lang='lat' dir='ltr'>Gr.</span> <span class='ocrx_word' id='word_1_109' title='bbox 374 1920 440 1974; x_wconf 80' lang='lat' dir='ltr'>Vol.</span> <span class='ocrx_word' id='word_1_110' title='bbox 458 1923 493 1974; x_wconf 89' lang='lat'>11.</span> <span class='ocrx_word' id='word_1_111' title='bbox 518 1921 551 1975; x_wconf 82' lang='lat' dir='ltr'>P·</span> <span class='ocrx_word' id='word_1_112' title='bbox 575 1924 598 1975; x_wconf 82' lang='lat' dir='ltr'>I·</span> <span class='ocrx_word' id='word_1_113' title='bbox 623 1920 777 1988; x_wconf 81' lang='lat' dir='ltr'>p.142sq.</span> <span class='ocrx_word' id='word_1_114' title='bbox 820 1924 910 1972; x_wconf 84' lang='lat' dir='ltr'>Poeta</span> <span class='ocrx_word' id='word_1_115' title='bbox 933 1920 964 1995; x_wconf 78' lang='lat' dir='ltr'>in</span> <span class='ocrx_word' id='word_1_116' title='bbox 988 1916 1187 1987; x_wconf 72' lang='lat' dir='ltr'>compotatione</span> 
     </span>
     <span class='ocr_line' id='line_1_17' title="bbox 194 2005 1186 2077; baseline 0 -21"><span class='ocrx_word' id='word_1_117' title='bbox 194 2005 347 2059; x_wconf 60' lang='lat' dir='ltr'>ninistrurn</span> <span class='ocrx_word' id='word_1_118' title='bbox 357 2007 437 2074; x_wconf 81' lang='lat' dir='ltr'>jubet</span> <span class='ocrx_word' id='word_1_119' title='bbox 454 2009 506 2058; x_wconf 78' lang='lat' dir='ltr'>duo</span> <span class='ocrx_word' id='word_1_120' title='bbox 521 2007 621 2077; x_wconf 83' lang='lat' dir='ltr'>poculo</span> <span class='ocrx_word' id='word_1_121' title='bbox 638 2008 668 2060; x_wconf 86' lang='lat' dir='ltr'>in</span> <span class='ocrx_word' id='word_1_122' title='bbox 683 2010 799 2059; x_wconf 86' lang='lat' dir='ltr'>Nonnus</span> <span class='ocrx_word' id='word_1_123' title='bbox 817 2017 844 2057; x_wconf 78' lang='lat' dir='ltr'>et</span> <span class='ocrx_word' id='word_1_124' title='bbox 861 2009 957 2075; x_wconf 83' lang='lat' dir='ltr'><em>Lydae</em></span> <span class='ocrx_word' id='word_1_125' title='bbox 973 2007 1114 2070; x_wconf 87' lang='lat' dir='ltr'>honorem,</span> <span class='ocrx_word' id='word_1_126' title='bbox 1140 2007 1186 2056; x_wconf 89' lang='lat' dir='ltr'>to&#39;-</span> 
     </span>
     <span class='ocr_line' id='line_1_18' title="bbox 196 2088 1186 2174; baseline 0.001 -32"><span class='ocrx_word' id='word_1_127' title='bbox 196 2092 329 2163; x_wconf 73' lang='lat' dir='ltr'>iidemque</span> <span class='ocrx_word' id='word_1_128' title='bbox 346 2093 375 2144; x_wconf 87' lang='lat' dir='ltr'>in</span> <span class='ocrx_word' id='word_1_129' title='bbox 392 2094 517 2148; x_wconf 78' lang='lat' dir='ltr'>honorem</span> <span class='ocrx_word' id='word_1_130' title='bbox 533 2095 698 2152; x_wconf 77' lang='lat' dir='ltr'>Antirnochi&#39;</span> <span class='ocrx_word' id='word_1_131' title='bbox 709 2105 737 2146; x_wconf 85' lang='lat' dir='ltr'>et</span> <span class='ocrx_word' id='word_1_132' title='bbox 758 2095 912 2146; x_wconf 79' lang='lat' dir='ltr'>Mimnermi</span> <span class='ocrx_word' id='word_1_133' title='bbox 928 2093 1080 2174; x_wconf 78' lang='lat' dir='ltr'>infundere.</span> <span class='ocrx_word' id='word_1_134' title='bbox 1112 2088 1186 2144; x_wconf 74' lang='grc' dir='ltr'><strong><em>ἐπί-</em></strong></span> 
     </span>
     <span class='ocr_line' id='line_1_19' title="bbox 194 2175 1185 2252; baseline -0.002 -20"><span class='ocrx_word' id='word_1_135' title='bbox 194 2197 250 2248; x_wconf 81' lang='grc' dir='ltr'>χει</span> <span class='ocrx_word' id='word_1_136' title='bbox 282 2175 342 2234; x_wconf 76' lang='grc' dir='ltr'>δύο</span> <span class='ocrx_word' id='word_1_137' title='bbox 377 2177 556 2250; x_wconf 70' lang='grc' dir='ltr'><strong><em>Ναννοῦς,</em></strong></span> <span class='ocrx_word' id='word_1_138' title='bbox 592 2193 623 2236; x_wconf 85' lang='lat' dir='ltr'>ut</span> <span class='ocrx_word' id='word_1_139' title='bbox 646 2202 692 2252; x_wconf 85' lang='lat' dir='ltr'>op.</span> <span class='ocrx_word' id='word_1_140' title='bbox 717 2181 854 2252; x_wconf 83' lang='lat' dir='ltr'>Meleagr.</span> <span class='ocrx_word' id='word_1_141' title='bbox 878 2183 931 2251; x_wconf 84' lang='lat' dir='ltr'>Ep.</span> <span class='ocrx_word' id='word_1_142' title='bbox 955 2183 1061 2233; x_wconf 87' lang='lat' dir='ltr'><strong><em>XCIX.</em></strong></span> <span class='ocrx_word' id='word_1_143' title='bbox 1086 2178 1185 2250; x_wconf 77' lang='grc' dir='ltr'><strong><em>ἔγχει</em></strong></span> 
     </span>
     <span class='ocr_line' id='line_1_20' title="bbox 193 2264 1183 2338; baseline -0.001 -17"><span class='ocrx_word' id='word_1_144' title='bbox 193 2264 260 2322; x_wconf 74' lang='grc' dir='ltr'>τᾶσ</span> <span class='ocrx_word' id='word_1_145' title='bbox 285 2266 459 2338; x_wconf 62' lang='grc' dir='ltr'><strong><em>Πενθοῦσ.</em></strong></span> <span class='ocrx_word' id='word_1_146' title='bbox 477 2283 511 2312; x_wconf 68' lang='lat'>²-</span> <span class='ocrx_word' id='word_1_147' title='bbox 534 2275 569 2323; x_wconf 87' lang='lat' dir='ltr'>In</span> <span class='ocrx_word' id='word_1_148' title='bbox 586 2272 662 2322; x_wconf 85' lang='lat' dir='ltr'>exitu</span> <span class='ocrx_word' id='word_1_149' title='bbox 677 2288 768 2322; x_wconf 78' lang='lat' dir='ltr'>versus</span> <span class='ocrx_word' id='word_1_150' title='bbox 786 2273 846 2323; x_wconf 76' lang='lat' dir='ltr'>stoi</span> <span class='ocrx_word' id='word_1_151' title='bbox 873 2265 1094 2338; x_wconf 71' lang='lat' dir='ltr'>propensiores</span> <span class='ocrx_word' id='word_1_152' title='bbox 1119 2269 1183 2320; x_wconf 86' lang='lat' dir='ltr'>Vat.</span> 
     </span>
     <span class='ocr_line' id='line_1_21' title="bbox 194 2357 1206 2428; baseline 0.003 -22"><span class='ocrx_word' id='word_1_153' title='bbox 194 2357 259 2408; x_wconf 77' lang='lat' dir='ltr'>cod.</span> <span class='ocrx_word' id='word_1_154' title='bbox 275 2359 356 2408; x_wconf 78' lang='lat' dir='ltr'>Horis</span> <span class='ocrx_word' id='word_1_155' title='bbox 372 2357 512 2411; x_wconf 77' lang='lat' dir='ltr'>lectionem</span> <span class='ocrx_word' id='word_1_156' title='bbox 520 2360 659 2412; x_wconf 82' lang='lat' dir='ltr'>Reiskiurn</span> <span class='ocrx_word' id='word_1_157' title='bbox 673 2377 726 2428; x_wconf 90' lang='lat' dir='ltr'>pro</span> <span class='ocrx_word' id='word_1_158' title='bbox 738 2357 858 2427; x_wconf 70' lang='lat' dir='ltr'>genuino</span> <span class='ocrx_word' id='word_1_159' title='bbox 869 2357 995 2408; x_wconf 85' lang='lat' dir='ltr'>hahuisse</span> <span class='ocrx_word' id='word_1_160' title='bbox 1012 2357 1103 2420; x_wconf 84' lang='lat' dir='ltr'>miror,</span> <span class='ocrx_word' id='word_1_161' title='bbox 1122 2359 1184 2409; x_wconf 80' lang='lat' dir='ltr'>dum</span> <span class='ocrx_word' id='word_1_162' title='bbox 1200 2363 1206 2388; x_wconf 72' lang='lat'>⁸</span> 
     </span>
     <span class='ocr_line' id='line_1_22' title="bbox 189 2443 1186 2516; baseline 0.002 -21"><span class='ocrx_word' id='word_1_163' title='bbox 189 2443 292 2495; x_wconf 74' lang='lat' dir='ltr'>vertit.-</span> <span class='ocrx_word' id='word_1_164' title='bbox 322 2453 406 2508; x_wconf 82' lang='lat' dir='ltr'>„torn</span> <span class='ocrx_word' id='word_1_165' title='bbox 430 2448 542 2498; x_wconf 78' lang='lat' dir='ltr'>seorsim</span> <span class='ocrx_word' id='word_1_166' title='bbox 563 2451 689 2516; x_wconf 80' lang='lat' dir='ltr'>cujusque</span> <span class='ocrx_word' id='word_1_167' title='bbox 704 2444 854 2516; x_wconf 77' lang='lat' dir='ltr'>singula.“&#39;</span> <span class='ocrx_word' id='word_1_168' title='bbox 874 2446 931 2496; x_wconf 86' lang='lat' dir='ltr'>Neo</span> <span class='ocrx_word' id='word_1_169' title='bbox 948 2454 1037 2496; x_wconf 86' lang='lat' dir='ltr'>tamen</span> <span class='ocrx_word' id='word_1_170' title='bbox 1055 2445 1186 2497; x_wconf 85' lang='lat' dir='ltr'>Brunckii</span> 
     </span>
     <span class='ocr_line' id='line_1_23' title="bbox 192 2529 1185 2605; baseline 0.006 -26"><span class='ocrx_word' id='word_1_171' title='bbox 192 2531 342 2584; x_wconf 80' lang='lat' dir='ltr'>emendatio</span> <span class='ocrx_word' id='word_1_172' title='bbox 368 2529 467 2600; x_wconf 77' lang='grc' dir='ltr'><strong>[φέρ’</strong></span> <span class='ocrx_word' id='word_1_173' title='bbox 492 2531 674 2605; x_wconf 74' lang='grc' dir='ltr'>ἐραστῶν]</span> <span class='ocrx_word' id='word_1_174' title='bbox 697 2534 817 2604; x_wconf 81' lang='lat' dir='ltr'>serenda</span> <span class='ocrx_word' id='word_1_175' title='bbox 840 2541 892 2589; x_wconf 78' lang='lat' dir='ltr'>est.</span> <span class='ocrx_word' id='word_1_176' title='bbox 932 2532 1082 2600; x_wconf 79' lang='lat' dir='ltr'>Epitheton</span> <span class='ocrx_word' id='word_1_177' title='bbox 1097 2533 1185 2585; x_wconf 87' lang='lat' dir='ltr'>Anti-</span> 
     </span>
     <span class='ocr_line' id='line_1_24' title="bbox 191 2617 1184 2689; baseline 0.009 -22"><span class='ocrx_word' id='word_1_178' title='bbox 191 2617 280 2668; x_wconf 83' lang='lat' dir='ltr'>moohi</span> <span class='ocrx_word' id='word_1_179' title='bbox 295 2618 398 2668; x_wconf 85' lang='lat' dir='ltr'>nomini</span> <span class='ocrx_word' id='word_1_180' title='bbox 414 2620 537 2672; x_wconf 82' lang='lat' dir='ltr'>additum</span> <span class='ocrx_word' id='word_1_181' title='bbox 555 2623 687 2684; x_wconf 79' lang='lat' dir='ltr'>ostendit,</span> <span class='ocrx_word' id='word_1_182' title='bbox 705 2623 890 2672; x_wconf 85' lang='lat' dir='ltr'>Mimnermum</span> <span class='ocrx_word' id='word_1_183' title='bbox 908 2638 1012 2689; x_wconf 82' lang='lat' dir='ltr'>qnoque</span> <span class='ocrx_word' id='word_1_184' title='bbox 1028 2621 1147 2686; x_wconf 83' lang='lat' dir='ltr'>epitheto</span> <span class='ocrx_word' id='word_1_185' title='bbox 1165 2642 1184 2676; x_wconf 85' lang='lat' dir='ltr'><strong><em>a</em></strong></span> 
     </span>
     <span class='ocr_line' id='line_1_25' title="bbox 188 2700 1182 2777; baseline 0.007 -24"><span class='ocrx_word' id='word_1_186' title='bbox 188 2713 272 2772; x_wconf 84' lang='lat' dir='ltr'>poeto</span> <span class='ocrx_word' id='word_1_187' title='bbox 286 2703 378 2774; x_wconf 76' lang='lat' dir='ltr'>fuisse</span> <span class='ocrx_word' id='word_1_188' title='bbox 395 2707 529 2764; x_wconf 70' lang='lat' dir='ltr'>omniurn.</span> <span class='ocrx_word' id='word_1_189' title='bbox 567 2708 740 2759; x_wconf 77' lang='lat' dir='ltr'>scribendum</span> <span class='ocrx_word' id='word_1_190' title='bbox 757 2716 846 2777; x_wconf 77' lang='lat' dir='ltr'>puto.-</span> <span class='ocrx_word' id='word_1_191' title='bbox 875 2711 934 2760; x_wconf 80' lang='grc' dir='ltr'>καὶ</span> <span class='ocrx_word' id='word_1_192' title='bbox 957 2700 1182 2776; x_wconf 76' lang='grc' dir='ltr'><strong><em>φιλακρήτου</em></strong></span> 
     </span>
     <span class='ocr_line' id='line_1_26' title="bbox 190 2786 1185 2865; baseline 0.004 -26"><span class='ocrx_word' id='word_1_193' title='bbox 190 2806 216 2846; x_wconf 74' lang='grc' dir='ltr'>κ.</span> <span class='ocrx_word' id='word_1_194' title='bbox 231 2806 255 2847; x_wconf 85' lang='grc' dir='ltr'>τ,</span> <span class='ocrx_word' id='word_1_195' title='bbox 271 2786 296 2842; x_wconf 80' lang='grc' dir='ltr'>λ.</span> <span class='ocrx_word' id='word_1_196' title='bbox 330 2794 392 2844; x_wconf 89' lang='lat' dir='ltr'>IIoo</span> <span class='ocrx_word' id='word_1_197' title='bbox 409 2795 546 2862; x_wconf 80' lang='lat' dir='ltr'>epitheton</span> <span class='ocrx_word' id='word_1_198' title='bbox 559 2801 670 2865; x_wconf 82' lang='lat' dir='ltr'>poetam</span> <span class='ocrx_word' id='word_1_199' title='bbox 687 2797 776 2846; x_wconf 87' lang='lat' dir='ltr'>decere</span> <span class='ocrx_word' id='word_1_200' title='bbox 796 2801 927 2863; x_wconf 83' lang='lat' dir='ltr'>apparet,</span> <span class='ocrx_word' id='word_1_201' title='bbox 954 2793 1002 2862; x_wconf 82' lang='lat' dir='ltr'>qui</span> <span class='ocrx_word' id='word_1_202' title='bbox 1018 2796 1076 2843; x_wconf 81' lang='lat' dir='ltr'>sine</span> <span class='ocrx_word' id='word_1_203' title='bbox 1093 2814 1185 2846; x_wconf 76' lang='lat' dir='ltr'>umore</span> 
     </span>
    </p>

    <p class='ocr_par' dir='ltr' id='par_1_8' title="bbox 124 2861 1184 3217">
     <span class='ocr_line' id='line_1_27' title="bbox 124 2861 1184 2953; baseline 0.013 -29"><span class='ocrx_word' id='word_1_204' title='bbox 124 2861 134 2879; x_wconf 76' lang='lat'>⁸</span> <span class='ocrx_word' id='word_1_205' title='bbox 183 2875 308 2945; x_wconf 82' lang='lat' dir='ltr'>jocisque</span> <span class='ocrx_word' id='word_1_206' title='bbox 331 2879 374 2930; x_wconf 82' lang='lat' dir='ltr'>nil</span> <span class='ocrx_word' id='word_1_207' title='bbox 390 2883 690 2948; x_wconf 62' lang='lat' dir='ltr'>jucundumaeensehar.</span> <span class='ocrx_word' id='word_1_208' title='bbox 742 2877 908 2938; x_wconf 74' lang='lat' dir='ltr'>wolckerus</span> <span class='ocrx_word' id='word_1_209' title='bbox 931 2881 965 2935; x_wconf 88' lang='lat' dir='ltr'>ad</span> <span class='ocrx_word' id='word_1_210' title='bbox 991 2883 1184 2953; x_wconf 82' lang='lat' dir='ltr'>Theognidem</span> 
     </span>
     <span class='ocr_line' id='line_1_28' title="bbox 190 2961 1182 3046; baseline 0.006 -28"><span class='ocrx_word' id='word_1_211' title='bbox 190 2977 219 3030; x_wconf 82' lang='lat' dir='ltr'>p·</span> <span class='ocrx_word' id='word_1_212' title='bbox 243 2967 301 3016; x_wconf 84' lang='grc'>100.</span> <span class='ocrx_word' id='word_1_213' title='bbox 332 2983 437 3022; x_wconf 85' lang='lat' dir='ltr'>rnorem</span> <span class='ocrx_word' id='word_1_214' title='bbox 464 2973 497 3024; x_wconf 85' lang='lat' dir='ltr'>in</span> <span class='ocrx_word' id='word_1_215' title='bbox 522 2973 641 3026; x_wconf 88' lang='lat' dir='ltr'>aliorum</span> <span class='ocrx_word' id='word_1_216' title='bbox 666 2961 782 3031; x_wconf 80' lang='lat' dir='ltr'>salutem</span> <span class='ocrx_word' id='word_1_217' title='bbox 806 2969 918 3046; x_wconf 71' lang='lat' dir='ltr'>bibendi</span> <span class='ocrx_word' id='word_1_218' title='bbox 947 2980 1064 3039; x_wconf 83' lang='lat' dir='ltr'>tangens</span> <span class='ocrx_word' id='word_1_219' title='bbox 1094 2972 1182 3029; x_wconf 77' lang='lat' dir='ltr'>obiter</span> 
     </span>
     <span class='ocr_line' id='line_1_29' title="bbox 190 3053 1179 3130; baseline 0.016 -29"><span class='ocrx_word' id='word_1_220' title='bbox 190 3053 316 3104; x_wconf 86' lang='lat' dir='ltr'>emendat</span> <span class='ocrx_word' id='word_1_221' title='bbox 344 3062 390 3107; x_wconf 79' lang='grc' dir='ltr'>καὶ</span> <span class='ocrx_word' id='word_1_222' title='bbox 420 3054 583 3125; x_wconf 75' lang='grc' dir='ltr'><strong><em>φιλεροῖστου</em></strong></span> <span class='ocrx_word' id='word_1_223' title='bbox 607 3061 788 3126; x_wconf 78' lang='grc' dir='ltr'><strong><em>Μιμνέρμου,</em></strong></span> <span class='ocrx_word' id='word_1_224' title='bbox 823 3057 901 3126; x_wconf 85' lang='lat' dir='ltr'>quod</span> <span class='ocrx_word' id='word_1_225' title='bbox 927 3059 1036 3113; x_wconf 87' lang='lat' dir='ltr'>Codicis</span> <span class='ocrx_word' id='word_1_226' title='bbox 1062 3067 1179 3130; x_wconf 83' lang='lat' dir='ltr'>vestigio</span> 
     </span>
     <span class='ocr_line' id='line_1_30' title="bbox 189 3141 1181 3217; baseline 0.019 -30"><span class='ocrx_word' id='word_1_227' title='bbox 189 3141 308 3192; x_wconf 83' lang='lat' dir='ltr'>maxime</span> <span class='ocrx_word' id='word_1_228' title='bbox 326 3146 524 3210; x_wconf 69' lang='lat' dir='ltr'>respondet-</span> <span class='ocrx_word' id='word_1_229' title='bbox 540 3148 584 3200; x_wconf 89' lang='lat' dir='ltr'>De</span> <span class='ocrx_word' id='word_1_230' title='bbox 602 3147 760 3200; x_wconf 81' lang='lat' dir='ltr'>Amimachi</span> <span class='ocrx_word' id='word_1_231' title='bbox 773 3150 902 3211; x_wconf 83' lang='lat' dir='ltr'>carmine,</span> <span class='ocrx_word' id='word_1_232' title='bbox 920 3149 998 3215; x_wconf 89' lang='lat' dir='ltr'>quod</span> <span class='ocrx_word' id='word_1_233' title='bbox 1014 3151 1181 3217; x_wconf 79' lang='lat' dir='ltr'>inscriptum</span> 
     </span>
    </p>
   </div>
   <div class='ocr_carea' id='block_1_7' title="bbox 188 3228 1268 3302">
    <p class='ocr_par' dir='ltr' id='par_1_9' title="bbox 188 3228 1268 3302">
     <span class='ocr_line' id='line_1_31' title="bbox 188 3228 1268 3302; baseline 0.013 -24"><span class='ocrx_word' id='word_1_234' title='bbox 188 3239 245 3280; x_wconf 84' lang='lat' dir='ltr'>erat</span> <span class='ocrx_word' id='word_1_235' title='bbox 263 3228 380 3292; x_wconf 74' lang='lat' dir='ltr'>AYffl,</span> <span class='ocrx_word' id='word_1_236' title='bbox 396 3232 565 3289; x_wconf 82' lang='lat' dir='ltr'>Plutarchus</span> <span class='ocrx_word' id='word_1_237' title='bbox 582 3239 613 3288; x_wconf 91' lang='lat' dir='ltr'>iu</span> <span class='ocrx_word' id='word_1_238' title='bbox 630 3235 742 3288; x_wconf 85' lang='lat' dir='ltr'>Consol.</span> <span class='ocrx_word' id='word_1_239' title='bbox 759 3234 894 3301; x_wconf 75' lang='lat' dir='ltr'>A‘pollou.</span> <span class='ocrx_word' id='word_1_240' title='bbox 918 3251 947 3302; x_wconf 83' lang='lat' dir='ltr'>p.</span> <span class='ocrx_word' id='word_1_241' title='bbox 965 3237 1023 3288; x_wconf 83' lang='lat'>184.</span> <span class='ocrx_word' id='word_1_242' title='bbox 1045 3229 1186 3291; x_wconf 48' lang='lat' dir='ltr'>Zenona-1</span> <span class='ocrx_word' id='word_1_243' title='bbox 1258 3245 1268 3256; x_wconf 94' lang='grc'><em>“</em></span> 
     </span>
    </p>
   </div>
   <div class='ocr_carea' id='block_1_8' title="bbox 101 3306 1230 4088">
    <p class='ocr_par' dir='ltr' id='par_1_10' title="bbox 186 3306 1178 3400">
     <span class='ocr_line' id='line_1_32' title="bbox 186 3306 1178 3400; baseline 0.009 -31"><span class='ocrx_word' id='word_1_244' title='bbox 186 3306 283 3380; x_wconf 61' lang='grc' dir='ltr'><strong><em>νούσης</em></strong></span> <span class='ocrx_word' id='word_1_245' title='bbox 296 3309 348 3390; x_wconf 50' lang='grc' dir='ltr'>γῆς</span> <span class='ocrx_word' id='word_1_246' title='bbox 365 3317 493 3387; x_wconf 78' lang='grc' dir='ltr'><strong><em>γυναικὸς</em></strong></span> <span class='ocrx_word' id='word_1_247' title='bbox 512 3315 597 3394; x_wconf 70' lang='lat' dir='ltr'>usiroai</span> <span class='ocrx_word' id='word_1_248' title='bbox 616 3315 814 3400; x_wconf 43' lang='grc' dir='ltr'>(Ἀντιμάχου)</span> <span class='ocrx_word' id='word_1_249' title='bbox 830 3316 940 3388; x_wconf 69' lang='grc' dir='ltr'><em>Λύδης,</em></span> <span class='ocrx_word' id='word_1_250' title='bbox 957 3319 1026 3390; x_wconf 65' lang='grc' dir='ltr'><strong><em>πρὸς</em></strong></span> <span class='ocrx_word' id='word_1_251' title='bbox 1042 3317 1077 3390; x_wconf 68' lang='grc' dir='ltr'>ἢν</span> <span class='ocrx_word' id='word_1_252' title='bbox 1094 3323 1178 3394; x_wconf 80' lang='grc' dir='ltr'><strong><em>φιλο-</em></strong></span> 
     </span>
    </p>

    <p class='ocr_par' dir='ltr' id='par_1_11' title="bbox 187 3393 1175 3480">
     <span class='ocr_line' id='line_1_33' title="bbox 187 3393 1175 3480; baseline 0.015 -29"><span class='ocrx_word' id='word_1_253' title='bbox 187 3393 305 3470; x_wconf 71' lang='grc' dir='ltr'><strong><em>στόργως</em></strong></span> <span class='ocrx_word' id='word_1_254' title='bbox 330 3399 399 3470; x_wconf 76' lang='grc' dir='ltr'><em>εἶχε,</em></span> <span class='ocrx_word' id='word_1_255' title='bbox 424 3400 683 3476; x_wconf 70' lang='grc' dir='ltr'><strong><em>παρομύθιοντῆς</em></strong></span> <span class='ocrx_word' id='word_1_256' title='bbox 707 3403 794 3475; x_wconf 71' lang='grc' dir='ltr'><strong><em>λύπης</em></strong></span> <span class='ocrx_word' id='word_1_257' title='bbox 812 3403 885 3473; x_wconf 62' lang='lat' dir='ltr'>eieci</span> <span class='ocrx_word' id='word_1_258' title='bbox 904 3404 1014 3475; x_wconf 80' lang='grc' dir='ltr'><strong><em>ἐποίησε</em></strong></span> <span class='ocrx_word' id='word_1_259' title='bbox 1031 3407 1084 3480; x_wconf 76' lang='grc' dir='ltr'>τὴν</span> <span class='ocrx_word' id='word_1_260' title='bbox 1100 3409 1175 3466; x_wconf 74' lang='grc' dir='ltr'>Ἔλε-</span> 
     </span>
    </p>

    <p class='ocr_par' dir='ltr' id='par_1_12' title="bbox 187 3479 1177 3562">
     <span class='ocr_line' id='line_1_34' title="bbox 187 3479 1177 3562; baseline 0.019 -24"><span class='ocrx_word' id='word_1_261' title='bbox 187 3487 264 3556; x_wconf 78' lang='grc' dir='ltr'><strong><em>γείαν</em></strong></span> <span class='ocrx_word' id='word_1_262' title='bbox 287 3485 340 3555; x_wconf 77' lang='grc' dir='ltr'>τὴν</span> <span class='ocrx_word' id='word_1_263' title='bbox 357 3479 526 3562; x_wconf 63' lang='grc' dir='ltr'><strong><em>νολοομὶὲνην</em></strong></span> <span class='ocrx_word' id='word_1_264' title='bbox 544 3497 687 3551; x_wconf 78' lang='grc' dir='ltr'><em>ΛΤΔΗΝ</em></span> <span class='ocrx_word' id='word_1_265' title='bbox 700 3514 727 3548; x_wconf 79' lang='lat' dir='ltr'>ss.</span> <span class='ocrx_word' id='word_1_266' title='bbox 742 3511 767 3548; x_wconf 78' lang='grc' dir='ltr'>τ.</span> <span class='ocrx_word' id='word_1_267' title='bbox 782 3491 806 3548; x_wconf 80' lang='grc' dir='ltr'>λ.</span> <span class='ocrx_word' id='word_1_268' title='bbox 845 3496 957 3554; x_wconf 84' lang='lat' dir='ltr'>Praeter</span> <span class='ocrx_word' id='word_1_269' title='bbox 983 3497 1177 3556; x_wconf 84' lang='lat' dir='ltr'>Schellenber-</span> 
     </span>
    </p>

    <p class='ocr_par' dir='ltr' id='par_1_13' title="bbox 137 3576 1178 3653">
     <span class='ocr_line' id='line_1_35' title="bbox 137 3576 1178 3653; baseline 0.019 -30"><span class='ocrx_word' id='word_1_270' title='bbox 137 3606 141 3613; x_wconf 83' lang='lat'>·</span> <span class='ocrx_word' id='word_1_271' title='bbox 184 3576 263 3642; x_wconf 81' lang='lat' dir='ltr'>glum</span> <span class='ocrx_word' id='word_1_272' title='bbox 286 3578 317 3626; x_wconf 88' lang='lat' dir='ltr'>in</span> <span class='ocrx_word' id='word_1_273' title='bbox 340 3577 501 3638; x_wconf 79' lang='lat' dir='ltr'>Autimaehi</span> <span class='ocrx_word' id='word_1_274' title='bbox 524 3579 683 3652; x_wconf 82' lang='lat' dir='ltr'>fragruentis</span> <span class='ocrx_word' id='word_1_275' title='bbox 709 3581 868 3639; x_wconf 84' lang='lat' dir='ltr'>conseratur</span> <span class='ocrx_word' id='word_1_276' title='bbox 890 3585 1038 3653; x_wconf 85' lang='lat' dir='ltr'>Anonymi</span> <span class='ocrx_word' id='word_1_277' title='bbox 1064 3588 1178 3647; x_wconf 67' lang='lat' dir='ltr'>diatriba</span> 
     </span>
    </p>

    <p class='ocr_par' dir='ltr' id='par_1_14' title="bbox 184 3662 1178 3742">
     <span class='ocr_line' id='line_1_36' title="bbox 184 3662 1178 3742; baseline 0.017 -28"><span class='ocrx_word' id='word_1_278' title='bbox 184 3662 219 3714; x_wconf 77' lang='lat' dir='ltr'>tle</span> <span class='ocrx_word' id='word_1_279' title='bbox 235 3663 405 3717; x_wconf 82' lang='lat' dir='ltr'>Antimacho</span> <span class='ocrx_word' id='word_1_280' title='bbox 422 3671 452 3719; x_wconf 90' lang='lat' dir='ltr'>in</span> <span class='ocrx_word' id='word_1_281' title='bbox 469 3670 568 3720; x_wconf 84' lang='lat' dir='ltr'>Diario</span> <span class='ocrx_word' id='word_1_282' title='bbox 586 3671 698 3723; x_wconf 84' lang='lat' dir='ltr'>classico</span> <span class='ocrx_word' id='word_1_283' title='bbox 715 3673 782 3726; x_wconf 82' lang='lat' dir='ltr'>Vll.</span> <span class='ocrx_word' id='word_1_284' title='bbox 800 3690 828 3741; x_wconf 86' lang='lat' dir='ltr'>p.</span> <span class='ocrx_word' id='word_1_285' title='bbox 846 3677 922 3740; x_wconf 65' lang='lat'><em>¹232„</em></span> <span class='ocrx_word' id='word_1_286' title='bbox 939 3678 1055 3742; x_wconf 85' lang='lat' dir='ltr'>repetita</span> <span class='ocrx_word' id='word_1_287' title='bbox 1070 3678 1102 3728; x_wconf 89' lang='lat' dir='ltr'>in</span> <span class='ocrx_word' id='word_1_288' title='bbox 1118 3679 1178 3731; x_wconf 88' lang='lat' dir='ltr'>edi-</span> 
     </span>
    </p>

    <p class='ocr_par' dir='ltr' id='par_1_15' title="bbox 184 3742 1177 3829">
     <span class='ocr_line' id='line_1_37' title="bbox 184 3742 1177 3829; baseline 0.016 -29"><span class='ocrx_word' id='word_1_289' title='bbox 184 3742 261 3804; x_wconf 78' lang='lat' dir='ltr'>tio&#39;ne</span> <span class='ocrx_word' id='word_1_290' title='bbox 282 3751 420 3822; x_wconf 80' lang='lat' dir='ltr'>Lipsiensi</span> <span class='ocrx_word' id='word_1_291' title='bbox 444 3767 591 3823; x_wconf 85' lang='lat' dir='ltr'>poetarum</span> <span class='ocrx_word' id='word_1_292' title='bbox 615 3763 759 3829; x_wconf 81' lang='lat' dir='ltr'>minorum</span> <span class='ocrx_word' id='word_1_293' title='bbox 781 3760 951 3814; x_wconf 87' lang='lat' dir='ltr'>Graecorum</span> <span class='ocrx_word' id='word_1_294' title='bbox 980 3779 994 3812; x_wconf 88' lang='lat' dir='ltr'>a</span> <span class='ocrx_word' id='word_1_295' title='bbox 1019 3762 1177 3820; x_wconf 82' lang='lat' dir='ltr'>Gaislordio</span> 
     </span>
    </p>

    <p class='ocr_par' dir='ltr' id='par_1_16' title="bbox 183 3841 1230 3928">
     <span class='ocr_line' id='line_1_38' title="bbox 183 3841 1230 3928; baseline 0.019 -36"><span class='ocrx_word' id='word_1_296' title='bbox 183 3841 392 3926; x_wconf 62' lang='lat' dir='ltr'>evulgatum,</span> <span class='ocrx_word' id='word_1_297' title='bbox 409 3843 444 3896; x_wconf 88' lang='lat' dir='ltr'>T.</span> <span class='ocrx_word' id='word_1_298' title='bbox 461 3845 512 3897; x_wconf 90' lang='lat'><em>111.</em></span> <span class='ocrx_word' id='word_1_299' title='bbox 531 3861 559 3912; x_wconf 88' lang='lat' dir='ltr'>p.</span> <span class='ocrx_word' id='word_1_300' title='bbox 575 3845 626 3899; x_wconf 80' lang='lat'>350</span> <span class='ocrx_word' id='word_1_301' title='bbox 643 3865 702 3919; x_wconf 81' lang='lat' dir='ltr'>sqq.</span> <span class='ocrx_word' id='word_1_302' title='bbox 735 3849 869 3904; x_wconf 83' lang='lat' dir='ltr'>Similiter</span> <span class='ocrx_word' id='word_1_303' title='bbox 885 3848 1024 3904; x_wconf 79' lang='lat' dir='ltr'>Philotam</span> <span class='ocrx_word' id='word_1_304' title='bbox 1041 3854 1178 3928; x_wconf 73' lang='lat' dir='ltr'>celebras·</span> <span class='ocrx_word' id='word_1_305' title='bbox 1229 3843 1230 3846; x_wconf 9' lang='grc' dir='ltr'><strong>Ἴ</strong></span> 
     </span>
    </p>

    <p class='ocr_par' dir='ltr' id='par_1_17' title="bbox 101 3927 1177 4088">
     <span class='ocr_line' id='line_1_39' title="bbox 101 3927 1177 4013; baseline 0.018 -36"><span class='ocrx_word' id='word_1_306' title='bbox 101 3963 106 3987; x_wconf 92' lang='grc'>,</span> <span class='ocrx_word' id='word_1_307' title='bbox 182 3943 212 3982; x_wconf 86' lang='lat' dir='ltr'>se</span> <span class='ocrx_word' id='word_1_308' title='bbox 228 3927 327 3996; x_wconf 72' lang='lat' dir='ltr'>Bittim</span> <span class='ocrx_word' id='word_1_309' title='bbox 344 3946 422 3984; x_wconf 84' lang='lat' dir='ltr'>suam</span> <span class='ocrx_word' id='word_1_310' title='bbox 440 3940 523 4001; x_wconf 79' lang='lat' dir='ltr'>atque</span> <span class='ocrx_word' id='word_1_311' title='bbox 540 3934 788 3990; x_wconf 85' lang='lat' dir='ltr'>Hermssianaotem</span> <span class='ocrx_word' id='word_1_312' title='bbox 806 3937 852 3990; x_wconf 76' lang='lat' dir='ltr'>vel</span> <span class='ocrx_word' id='word_1_313' title='bbox 869 3949 924 4012; x_wconf 83' lang='lat' dir='ltr'>tres</span> <span class='ocrx_word' id='word_1_314' title='bbox 940 3939 1026 3994; x_wconf 88' lang='lat' dir='ltr'>libros</span> <span class='ocrx_word' id='word_1_315' title='bbox 1042 3943 1177 4013; x_wconf 79' lang='lat' dir='ltr'>elegiacos</span> 
     </span>
     <span class='ocr_line' id='line_1_40' title="bbox 185 4016 1081 4088; baseline 0.021 -23"><span class='ocrx_word' id='word_1_316' title='bbox 185 4016 357 4088; x_wconf 76' lang='lat' dir='ltr'>inscripsisse</span> <span class='ocrx_word' id='word_1_317' title='bbox 376 4017 410 4073; x_wconf 88' lang='lat' dir='ltr'>do</span> <span class='ocrx_word' id='word_1_318' title='bbox 427 4022 530 4076; x_wconf 83' lang='lat' dir='ltr'>amicae</span> <span class='ocrx_word' id='word_1_319' title='bbox 547 4025 659 4078; x_wconf 85' lang='lat' dir='ltr'>nomine</span> <span class='ocrx_word' id='word_1_320' title='bbox 675 4025 818 4078; x_wconf 75' lang='lat' dir='ltr'>Leontion</span> <span class='ocrx_word' id='word_1_321' title='bbox 834 4029 1016 4085; x_wconf 73' lang='lat' dir='ltr'>certissimus</span> <span class='ocrx_word' id='word_1_322' title='bbox 1032 4040 1081 4086; x_wconf 83' lang='lat' dir='ltr'>est.</span> 
     </span>
    </p>
   </div>
   <div class='ocr_carea' id='block_1_9' title="bbox 0 0 1450 4536">
    <p class='ocr_par' dir='ltr' id='par_1_18' title="bbox 0 0 1450 4536">
     <span class='ocr_line' id='line_1_41' title="bbox 0 0 1450 4536; baseline 0 6"><span class='ocrx_word' id='word_1_323' title='bbox 0 0 1450 4536; x_wconf 95' lang='lat' dir='ltr'> </span> 
     </span>
    </p>
   </div>
  </div>
 </body>
</html>
